<?xml version="1.0" encoding="UTF-8"?><record xmlns="http://www.loc.gov/MARC21/slim" xmlns:cinclude="http://apache.org/cocoon/include/1.0" xmlns:zs="http://www.loc.gov/zing/srw/">
  <leader>00464cz  a2200121n  4500</leader>
  <controlfield tag="001">n  88154209 </controlfield>
  <controlfield tag="003">DLC</controlfield>
  <controlfield tag="005">19890724092755.8</controlfield>
  <controlfield tag="008">890614n| acannaab|          |n aaa |||  </controlfield>
  <datafield tag="010" ind1=" " ind2=" ">
    <subfield code="a">n  88154209 </subfield>
  </datafield>
  <datafield tag="040" ind1=" " ind2=" ">
    <subfield code="a">DLC</subfield>
    <subfield code="c">DLC</subfield>
    <subfield code="d">DLC</subfield>
  </datafield>
  <datafield tag="100" ind1="1" ind2="0">
    <subfield code="a">Freedman, Andrea</subfield>
  </datafield>
  <datafield tag="670" ind1=" " ind2=" ">
    <subfield code="a">Benjamin, M. Bridging the global gap, 1989:</subfield>
    <subfield code="b">CIP t.p. (Andrea Freedman) addit. pub. info (writes on grassroots development and citizen activism) galley (co-founder of Global Exchange and Caribbean Exchange)</subfield>
  </datafield>
</record>